@Comment А вот так оформляется библиография при помощи BibTeX.

@article{ET,
    title = "The disjoint shortest paths problem",
    journal = "Discrete Applied Mathematics",
    volume = "85",
    number = "2",
    pages = "113 - 138",
    year = "1998",
    issn = "0166-218X",
    doi = "https://doi.org/10.1016/S0166-218X(97)00121-2",
    url = "http://www.sciencedirect.com/science/article/pii/S0166218X97001212",
    author = "Tali Eilam-Tzoreff",
    language = "russian",
}

@article{Floyd,
    author = {Floyd, Robert W.},
    title = {Algorithm 97: Shortest Path},
    journal = {Commun. ACM},
    issue_date = {June 1962},
    volume = {5},
    number = {6},
    month = jun,
    year = {1962},
    issn = {0001-0782},
    pages = {345--},
    url = {http://doi.acm.org/10.1145/367766.368168},
    doi = {10.1145/367766.368168},
    acmid = {368168},
    publisher = {ACM},
    address = {New York, NY, USA},
    language = "russian",
} 

@book{CLRS,
    author = {Cormen, Thomas H. and Leiserson, Charles E. and Rivest, Ronald L. and Stein, Clifford},
    title = {Introduction to Algorithms, Third Edition},
    year = {2009},
    isbn = {0262033844, 9780262033848},
    edition = {3rd},
    publisher = {The MIT Press},
    language = "russian",
} 

