@InProceedings{BHICALP,
    author="Bj{\"o}rklund, Andreas and Husfeldt, Thore",
    editor="Esparza, Javier and Fraigniaud, Pierre and Husfeldt, Thore and Koutsoupias, Elias",
    title="Shortest Two Disjoint Paths in Polynomial Time",
    booktitle="Automata, Languages, and Programming",
    year="2014",
    publisher="Springer Berlin Heidelberg",
    address="Berlin, Heidelberg",
    pages="211--222",
    isbn="978-3-662-43948-7"
}

@article{BHPlanar,
    title={Counting Shortest Two Disjoint Paths in Cubic Planar Graphs with an {NC} Algorithm},
    author={Andreas Bj{\"o}rklund and Thore Husfeldt},
    journal={ArXiv},
    year={2018},
    volume={abs/1806.07586}
}

@book{CLRS,
    author = {Cormen, Thomas H. and Leiserson, Charles E. and Rivest, Ronald L. and Stein, Clifford},
    title = {Introduction to Algorithms, Third Edition},
    year = {2009},
    isbn = {0262033844, 9780262033848},
    edition = {3rd},
    publisher = {The MIT Press},
} 

@InProceedings{Datta,
    author =	{Samir Datta and Siddharth Iyer and Raghav Kulkarni and Anish Mukherjee},
    title =	{{Shortest $k$-Disjoint Paths via Determinants}},
    booktitle =	{38th IARCS Annual Conference on Foundations of Software  Technology and Theoretical Computer Science (FSTTCS 2018)},
    pages =	{19:1--19:21},
    series =	{Leibniz International Proceedings in Informatics (LIPIcs)},
    ISBN =	{978-3-95977-093-4},
    ISSN =	{1868-8969},
    year =	{2018},
    volume =	{122},
    editor =	{Sumit Ganguly and Paritosh Pandya},
    publisher =	{Schloss Dagstuhl--Leibniz-Zentrum fuer Informatik},
    address =	{Dagstuhl, Germany},
    URL =		{http://drops.dagstuhl.de/opus/volltexte/2018/9918},
    URN =		{urn:nbn:de:0030-drops-99183},
    doi =		{10.4230/LIPIcs.FSTTCS.2018.19},
    annote =	{Keywords: disjoint paths, planar graph, parallel algorithm, cycle cover, determinant, inclusion-exclusion}
}


@article{ET,
    title = "The Disjoint Shortest Paths Problem",
    journal = "Discrete Applied Mathematics",
    volume = "85",
    number = "2",
    pages = "113 - 138",
    year = "1998",
    issn = "0166-218X",
    doi = "https://doi.org/10.1016/S0166-218X(97)00121-2",
    url = "http://www.sciencedirect.com/science/article/pii/S0166218X97001212",
    author = "Tali Eilam-Tzoreff",
}

@article{Floyd,
    author = {Floyd, Robert W.},
    title = {Algorithm 97: Shortest Path},
    journal = {Commun. ACM},
    issue_date = {June 1962},
    volume = {5},
    number = {6},
    month = jun,
    year = {1962},
    issn = {0001-0782},
    pages = {345},
    url = {http://doi.acm.org/10.1145/367766.368168},
    doi = {10.1145/367766.368168},
    acmid = {368168},
    publisher = {ACM},
    address = {New York, NY, USA},
} 

@article{FHW,
    title = "The Directed Subgraph Homeomorphism Problem",
    journal = "Theoretical Computer Science",
    volume = "10",
    number = "2",
    pages = "111 - 121",
    year = "1980",
    issn = "0304-3975",
    doi = "https://doi.org/10.1016/0304-3975(80)90009-2",
    url = "http://www.sciencedirect.com/science/article/pii/0304397580900092",
    author = "Steven Fortune and John Hopcroft and James Wyllie",
}

@article{Gallai,
    author="Gallai, T.",
    title="{Maximum}-{Minimum} {S{\"a}tze} und verallgemeinerte {Faktoren} von {Graphen}",
    journal="Acta Mathematica Academiae Scientiarum Hungarica",
    year="1964",
    month="Mar",
    day="01",
    volume="12",
    number="1",
    pages="131--173",
    issn="1588-2632",
    doi="10.1007/BF02066678",
    url="https://doi.org/10.1007/BF02066678"
}

@techreport{Gustedt,
    author       = {Gustedt, Jens}, 
    title={The General Two-Path Problem in Time {$\OO(m \log n)$}},
    institution  = {TU Berlin},
    year         = 1994,
    number       = 394,
}

@article{HN,
    author = {Hirai, Hiroshi and Namba, Hiroyuki},
    title = {Shortest $(A+B)$-Path Packing Via Hafnian},
    year = {2018},
    issue_date = {August 2018},
    publisher = {Springer-Verlag},
    address = {Berlin, Heidelberg},
    volume = {80},
    number = {8},
    issn = {0178-4617},
    url = {https://doi.org/10.1007/s00453-017-0334-0},
    doi = {10.1007/s00453-017-0334-0},
    journal = {Algorithmica},
    month = aug,
    pages = {2478–2491},
    numpages = {14},
    keywords = {Randomized polynomial time algorithm, Hafnian, Shortest disjoint paths problem}
}

@article{Lynch,
    author = {Lynch, James F.},
    title = {The Equivalence of Theorem Proving and the Interconnection Problem},
    year = {1975},
    issue_date = {September 1975},
    publisher = {Association for Computing Machinery},
    address = {New York, NY, USA},
    volume = {5},
    number = {3},
    issn = {0163-5743},
    url = {https://doi.org/10.1145/1061425.1061430},
    doi = {10.1145/1061425.1061430},
    journal = {SIGDA Newsl.},
    month = sep,
    pages = {31–36},
    numpages = {6}
}

@article{RS,
    author = {Robertson, Neil. and Seymour, P. D.},
    title = {Disjoint Paths --- A Survey},
    journal = {SIAM Journal on Algebraic Discrete Methods},
    volume = {6},
    number = {2},
    pages = {300-305},
    year = {1985},
    doi = {10.1137/0606030},
    URL = {https://doi.org/10.1137/0606030},
    eprint = {https://doi.org/10.1137/0606030}
}

@inproceedings{Williams,
    author = {Williams, Virginia Vassilevska},
    title = {Multiplying Matrices Faster Than {Coppersmith}-{Winograd}},
    booktitle = {Proceedings of the Forty-fourth Annual ACM Symposium on Theory of Computing},
    series = {STOC '12},
    year = {2012},
    isbn = {978-1-4503-1245-5},
    location = {New York, New York, USA},
    pages = {887--898},
    numpages = {12},
    url = {http://doi.acm.org/10.1145/2213977.2214056},
    doi = {10.1145/2213977.2214056},
    acmid = {2214056},
    publisher = {ACM},
    address = {New York, NY, USA},
    keywords = {matrix multiplication},
} 

