@article{ET,
    title = "The disjoint shortest paths problem",
    journal = "Discrete Applied Mathematics",
    volume = "85",
    number = "2",
    pages = "113 - 138",
    year = "1998",
    issn = "0166-218X",
    doi = "https://doi.org/10.1016/S0166-218X(97)00121-2",
    url = "http://www.sciencedirect.com/science/article/pii/S0166218X97001212",
    author = "Tali Eilam-Tzoreff",
}

@article{Floyd,
    author = {Floyd, Robert W.},
    title = {Algorithm 97: Shortest Path},
    journal = {Commun. ACM},
    issue_date = {June 1962},
    volume = {5},
    number = {6},
    month = jun,
    year = {1962},
    issn = {0001-0782},
    pages = {345--},
    url = {http://doi.acm.org/10.1145/367766.368168},
    doi = {10.1145/367766.368168},
    acmid = {368168},
    publisher = {ACM},
    address = {New York, NY, USA},
} 

@book{CLRS,
    author = {Cormen, Thomas H. and Leiserson, Charles E. and Rivest, Ronald L. and Stein, Clifford},
    title = {Introduction to Algorithms, Third Edition},
    year = {2009},
    isbn = {0262033844, 9780262033848},
    edition = {3rd},
    publisher = {The MIT Press},
} 

@inproceedings{Williams,
    author = {Williams, Virginia Vassilevska},
    title = {Multiplying Matrices Faster Than Coppersmith-winograd},
    booktitle = {Proceedings of the Forty-fourth Annual ACM Symposium on Theory of Computing},
    series = {STOC '12},
    year = {2012},
    isbn = {978-1-4503-1245-5},
    location = {New York, New York, USA},
    pages = {887--898},
    numpages = {12},
    url = {http://doi.acm.org/10.1145/2213977.2214056},
    doi = {10.1145/2213977.2214056},
    acmid = {2214056},
    publisher = {ACM},
    address = {New York, NY, USA},
    keywords = {matrix multiplication},
} 

